
@article{hdecay,
  title={Particle physics: Minimalism triumphant},
  author={Wilczek, Frank},
  journal={Nature},
  volume={496},
  number={7446},
  pages={439--441},
  year={2013},
  publisher={Nature Publishing Group}
}

@article{detector,
author = {CERN},
title = {\href{http://www.exploratorium.edu/origins/cern/tools/detect.html}{Illustration of experimental search: http://www.exploratorium.edu/origins/cern/tools/detect.html}},
howpublished = {\url{http://www.exploratorium.edu/origins/cern/tools/detect.html}}
}

@Unpublished{lhcb,
author = {Balazs Kegl},
title = {Learning to Discover: Machine Learning in High energy physics},
note = {Linear Accelerator and Computer Science Laboratory},
month = {May},
year = {2013}
}

@article{pseudo,
author = {Wikipedia},
title = {\href{https://en.wikipedia.org/wiki/Pseudorapidity}{Pseudorapidity: https://en.wikipedia.org/wiki/Pseudorapidity}},
howpublished = {\url{https://en.wikipedia.org/wiki/Pseudorapidity}}
}

@article{pvalue,
author = {Wikipedia},
title = {\href{https://en.wikipedia.org/wiki/P-value#/media/File:P-value_in_statistical_significance_testing.svg}{p-value: https://en.wikipedia.org/wiki/P-value}},
howpublished = {\url{https://en.wikipedia.org/wiki/P-value#/media/File:P-value_in_statistical_significance_testing.svg}}
}

@inproceedings{treelearner,
  title={Machine learning: how to get more out of HEP data and the Higgs Boson Machine Learning Challenge},
  author={Wolter, Marcin},
  booktitle={XXXVI Symposium on Photonics Applications in Astronomy, Communications, Industry, and High-Energy Physics Experiments (Wilga 2015)},
  pages={96622I--96622I},
  year={2015},
  organization={International Society for Optics and Photonics}
}

@article{sigma,
author = {Gesunder Menschenverstand},
title = {\href{http://www.sixsigmablackbelt.de/6-sigma-six-sigma/}{6 Sigma (Six Sigma): http://www.sixsigmablackbelt.de/6-sigma-six-sigma/}},
howpublished = {\url{http://www.sixsigmablackbelt.de/6-sigma-six-sigma/}}
}

@article{roc,
author = {Thomas G. Tape},
title = {\href{http://gim.unmc.edu/dxtests/roc3.htm}{The area under an ROC Curve: http://gim.unmc.edu/dxtests/roc3.htm}},
howpublished = {\url{http://gim.unmc.edu/dxtests/roc3.htm}}
}

@article{complexity,
author = {Nicolas Gerard},
title = {\href{http://gerardnico.com/wiki/data_mining/bias_trade-off}{Statistics - Bias-variance trade-off (between overfitting and underfitting)}}
}

@article{tradeoff,
author = {Zhang Jun},
title = {\href{http://zhangjunhd.github.io/2014/10/01/bias-variance-tradeoff.html}{Bias-variance trade-off: http://zhangjunhd.github.io/2014/10/01/bias-variance-tradeoff.html}},
howpublished = {\url{http://zhangjunhd.github.io/2014/10/01/bias-variance-tradeoff.html}}
}

@article{open,
title = {\href{http://opendata.cern.ch/collection/ATLAS-Higgs-Challenge-2014?ln=en}{ATLAS Higgs Challenge 2014}},
author={ATLAS and others},
year={2014},
journal={CERN Open Data Portal}
}

@inproceedings{trappenberg,
  title={\href{http://ieeexplore.ieee.org/xpls/abs_all.jsp?arnumber=859412}{A classification scheme for applications with ambiguous data}},
  author={Trappenberg, Thomas P and Back, Andrew D},
  booktitle={Neural Networks, 2000. IJCNN 2000, Proceedings of the IEEE-INNS-ENNS International Joint Conference on},
  volume={6},
  pages={296--301},
  year={2000},
  organization={IEEE}
}

@Unpublished{GINI,
title = {\url{http://www.academia.edu/7032069/An_example_of_calculating_gini_gain_in_CART}}
}

@Book{CART,
  title={Classification and regression trees},
  author={Breiman, Leo and Friedman, Jerome and Stone, Charles J and Olshen, Richard A},
  year={1984},
  publisher={CRC press}
}

@Misc{ENT,
title={Entropy, \url{https://en.wikipedia.org/wiki/Entropy_%28information_theory%29#Entropy_as_information_content}},
howpublished = {Wikipedia}
}

@article{xrf,
  title={An introduction to recursive partitioning: rationale, application, and characteristics of classification and regression trees, bagging, and random forests.},
  author={Strobl, Carolin and Malley, James and Tutz, Gerhard},
  journal={Psychological methods},
  volume={14},
  number={4},
  pages={323},
  year={2009},
  publisher={American Psychological Association}
}


@article{hobasu,
  title={\href{http://ieeexplore.ieee.org/stamp/stamp.jsp?tp=&arnumber=990132}{Complexity measures of supervised classification problems}},
  author={Ho, Tin Kam and Basu, Mitra},
  journal={IEEE transactions on pattern analysis and machine intelligence},
  volume={24},
  number={3},
  pages={289--300},
  year={2002},
  publisher={IEEE}
}


@article{oblique,
  title={\href{http://arxiv.org/abs/cs/9408103}{A system for induction of oblique decision trees}},
  author={Murthy, Sreerama K. and Kasif, Simon and Salzberg, Steven},
  journal={Journal of artificial intelligence research},
  year={1994}
}

@article{fermions,
author = {Brunet, Sylvie and Eli Phoboo, Abha and O'Luanaigh, Cian},
title = {\href{http://cds.cern.ch/record/1998369}{ATLAS sees Higgs boson decay to fermions}},
year = {2013}
}

@inproceedings{scapire,
  title={\href{http://link.springer.com/chapter/10.1007/3-540-59119-2_166}{Experiments with a new boosting algorithm}},
  author={Freund, Yoav and Schapire, Robert E and others},
  booktitle={ICML},
  volume={96},
  pages={148--156},
  year={1996}
}

@article{yang,
  title={\href{http://ac.els-cdn.com/S0168900205018322/1-s2.0-S0168900205018322-main.pdf?_tid=213af47c-149b-11e6-82c5-00000aacb360&acdnat=1462656899_20cad2f0119474eaa069c20124204621}{Studies of boosted decision trees for MiniBooNE particle identification}},
  author={Yang, Hai-Jun and Roe, Byron P and Zhu, Ji},
  journal={Nuclear Instruments and Methods in Physics Research Section A: Accelerators, Spectrometers, Detectors and Associated Equipment},
  volume={555},
  number={1},
  pages={370--385},
  year={2005},
  publisher={Elsevier}
}

@article{posvm,
author = {Sahin, Mehmet {\"O}zg{\"u}r and Kr{\"u}cker, Dirk and others},
title = {\href{http://arxiv.org/pdf/1601.02809v2.pdf} {Performance and Optimization of support vector machines in high energy physics classification problems}},
journal = {arXiv preprint arXiv:1601.02809},
year = {2016},
eprint={1601.02809}
}

@article{ansel,
title={\href{http://arxiv.org/pdf/0803.2345.pdf}{Support Vector Machines in High Energy Physics}},
author={Anselm, Vossen},
journal={Proceedings, inverted CERN School of Computing, ICSC2005 and ICSC2006, Geneva, Switzerland, February 23-25, 2005, and March 6-8, 2006},
pages={23-33},
year={2005}
}

@article{anthony,
title={\href{http://ac.els-cdn.com/S0168900203004790/1-s2.0-S0168900203004790-main.pdf?_tid=2e1a7c6c-dca1-11e5-bbbb-00000aab0f02&acdnat=1456502232_8950aba4d6bc9982ff3432766a1bb6e5}{Support vector machines in analysis of top quark production}},
author={Vaiciulis, Anthony},
journal={Nuclear Instruments and Methods in Physics Research Section A: Accelerators, Spectrometers, Detectors and Associated Equipment},
volume={502},
number={2},
pages={492--494},
year={2003},
publisher={Elsevier},
note={DOI: 10.1016/S0168-9002(03)00479-0}
}

@article{overlap,
  title={\href{http://link.springer.com/chapter/10.1007/978-3-540-24694-7_32}{Class imbalances versus class overlapping: an analysis of a learning system behavior}},
  author={Prati, Ronaldo C and Batista, Gustavo EAPA and Monard, Maria Carolina},
  booktitle={Mexican international conference on artificial intelligence},
  pages={312--321},
  year={2004},
  organization={Springer}
}


@article{bishop,
  title={Pattern recognition and machine learning},
  author={Christopher, M Bishop},
  journal={Company New York},
  volume={16},
  number={4},
  pages={049901},
  year={2006}
}

@article{abreu,
  title={\href{http://ac.els-cdn.com/0370269392915803/1-s2.0-0370269392915803-main.pdf?_tid=7eb4428c-151f-11e6-bbdc-00000aab0f26&acdnat=1462713749_a83c849e9aa6fc44c8ec6bc934005f0e}{Classification of the hadronic decays of the Z 0 into b and c quark pairs using a neural network}},
  author={Abreu, Paulo and Adam, W and Adye, T and Agasi, E and Alekseev, GD and Algeri, A and Allen, P and Almehed, S and Alvsvaag, SJ and Amaldi, U and others},
  journal={Physics Letters B},
  volume={295},
  number={3},
  pages={383--395},
  year={1992},
  publisher={Elsevier}
}

@article{dirac,
  title={\href{http://ac.els-cdn.com/S016890020100852X/1-s2.0-S016890020100852X-main.pdf?_tid=c5f5b75a-151c-11e6-b424-00000aacb35d&acdnat=1462712580_36e49860b897846e0c85259d550859c4}{The neural network first level trigger for the DIRAC experiment}},
  author={Kokkas, P and Steinacher, M and Tauscher, L and Vlachos, S},
  journal={Nuclear Instruments and Methods in Physics Research Section A: Accelerators, Spectrometers, Detectors and Associated Equipment},
  volume={471},
  number={3},
  pages={358--367},
  year={2001},
  publisher={Elsevier}
}

@article{h1,
  title={\href{http://ac.els-cdn.com/S0168900296008947/1-s2.0-S0168900296008947-main.pdf?_tid=4f432aca-151c-11e6-9538-00000aab0f26&acdnat=1462712381_441c78fb7bd97316c79a1f9faf4abbb1}{The tracking, calorimeter and muon detectors of the H1 experiment at HERA}},
  author={Abt, I and Ahmed, T and Aid, S and Andreev, V and Andrieu, B and Appuhn, R-D and Arnault, C and Arpagaus, M and Babaev, A and B{\"a}rwolff, H and others},
  journal={Nuclear Instruments and Methods in Physics Research Section A: Accelerators, Spectrometers, Detectors and Associated Equipment},
  volume={386},
  number={2},
  pages={348--396},
  year={1997},
  publisher={Elsevier}
}


@article{cascade,
  title={\href{http://www.sciencedirect.com/science/article/pii/S0168900207008406}{Cascade training technique for particle identification}},
  author={Liu, Yong and Stancu, Ion},
  journal={Nuclear Instruments and Methods in Physics Research Section A: Accelerators, Spectrometers, Detectors and Associated Equipment},
  volume={578},
  number={1},
  pages={315--321},
  year={2007},
  publisher={Elsevier}
}

@article{hinton,
  title={\href{http://www.mitpressjournals.org/doi/pdf/10.1162/neco.2006.18.7.1527}{A fast learning algorithm for deep belief nets}},
  author={Hinton, Geoffrey E and Osindero, Simon and Teh, Yee-Whye},
  journal={Neural computation},
  volume={18},
  number={7},
  pages={1527--1554},
  year={2006},
  publisher={MIT Press}
}

@article{deep,
  title={\href{http://arxiv.org/pdf/1402.4735.pdf}{Searching for exotic particles in high-energy physics with deep learning}},
  author={Baldi, Pierre and Sadowski, Peter and Whiteson, Daniel},
  journal={Nature communications},
  volume={5},
  year={2014},
  publisher={Nature Publishing Group}
}

@article{wcascade,
  title={\href{http://jmlr.org/proceedings/papers/v42/mack14.pdf}{Weighted classification cascades for optimizing discovery significance in the higgsml challenge}},
  author={Mackey, Lester and Bryan, Jordan and Mo, Man Yue},
  journal={arXiv preprint arXiv:1409.2655},
  year={2014}
}

@inproceedings{evidence,
  title={\href{http://cds.cern.ch/record/1632191/files/ATLAS-CONF-2013-108.pdf?version=1}{Evidence for Higgs boson decays to the $\tau$+ $\tau$- final state with the ATLAS detector}},
  author={ATLAS collaboration and others},
  booktitle={no. ATLAS-CONF-2013-108, ATLAS-COMCONF-2013-095},
  year={2013}
}

@InProceedings{rm,
title={\href{http://jmlr.org/proceedings/papers/v42/cowa14.pdf}{The Higgs Boson Machine learning challenge}},
author={Adam-Bourdarios, Claire and Cowan, Glen and Germain, C{\'e}cile and Guyon, Isabelle and K{\'e}gl, Bal{\'a}zs and Rousseau, David},
booktitle={JMLR : Journal of Machine Learning Research},
volume={42},
pages={19-55},
year={2015}
}

@article{higgs,
  title={\href{http://journals.aps.org/prl/pdf/10.1103/PhysRevLett.13.508}{Broken symmetries and the masses of gauge bosons}},
  author={Higgs, Peter W},
  journal={Physical Review Letters},
  volume={13},
  number={16},
  pages={508},
  year={1964},
  publisher={APS}
}

@article{asa,
title={The ASA's statement on p-values: context, process, and purpose},
author={Wasserstein, Ronald L and Lazar, Nicole A},
journal={The American Statistician},
year={2016},
publisher={Taylor \& Francis}
}

@article{goodman,
title={\href{http://science.sciencemag.org/content/352/6290/1180.short}{Aligning statistical and scientific reasoning}},
author={Goodman, Steven N},
journal={Science},
volume={352},
number={6290},
pages={1180--1181},
year={2016},
publisher={American Association for the Advancement of Science}
}


@article{LHC,
author = {The CMS and ATLAS Collaboration},
title = {\href{http://science.sciencemag.org/content/338/6114/1558}{The Higgs Boson}},
journal = {Science},
year = {2012},
volume = {338},
number = {Issue 6114},
pages = {1558-1559},
month = {Dec},
note = {DOI: 10.1126/science.338.6114.1558}
}

@article{data,
title = {\href{http://opendata.cern.ch/record/328} {Dataset from the ATLAS Collaboration,  Higgs Boson Machine learning Challenge 2014}},
author = {ATLAS and others},
year = {2014},
publisher = {CERN Open Data portal},
note={DOI: 10.7483/OPENDATA.ATLAS.ZBP2.M5T8}
}

@inproceedings{postRM,
title={\href{http://iopscience.iop.org/article/10.1088/1742-6596/664/7/072015/meta}{The Higgs Machine Learning Challenge}},
author={Adam-Bourdarios, C and Cowan, G and Germain-Renaud, C and Guyon, I and K{\'e}gl, B and Rousseau, D},
booktitle={Journal of Physics: Conference Series},
volume={664},
number={7},
pages={072015},
year={2015},
organization={IOP Publishing}
}

@article{combining,
  title={\href{http://www.waset.org/publications/4742}{Combining bagging and boosting}},
  author={Kotsiantis, S and Pintelas, P},
  journal={International Journal of Computational Intelligence},
  volume={1},
  number={4},
  pages={324--333},
  year={2004}
}

@article{fuzzy,
  title={\href{http://ieeexplore.ieee.org/xpls/abs_all.jsp?arnumber=159066&tag=1}{Fuzzy min-max neural networks. I. Classification}},
  author={Simpson, Patrick K},
  journal={IEEE transactions on Neural Networks},
  volume={3},
  number={5},
  pages={776--786},
  year={1992},
  publisher={IEEE}
}
@article{rgf,
  title={\href{http://ieeexplore.ieee.org/xpls/abs_all.jsp?arnumber=6583153&tag=1}{Learning nonlinear functions using regularized greedy forest}},
  author={Johnson, Rie and Zhang, Tong},
  journal={IEEE transactions on pattern analysis and machine intelligence},
  volume={36},
  number={5},
  pages={942--954},
  year={2014},
  publisher={IEEE}
}

@article{xgb,
  author    = {Tianqi Chen and
               Carlos Guestrin},
  title     = {\href{http://arxiv.org/pdf/1603.02754v3.pdf}{XGBoost: {A} Scalable Tree Boosting System}},
  journal   = {CoRR},
  volume    = {abs/1603.02754},
  year      = {2016},
  url       = {http://arxiv.org/abs/1603.02754},
  timestamp = {Sat, 02 Apr 2016 11:49:48 +0200},
  biburl    = {http://dblp.uni-trier.de/rec/bib/journals/corr/ChenG16},
  bibsource = {dblp computer science bibliography, http://dblp.org}
}

@article{subspace,
  title={\href{http://ieeexplore.ieee.org/stamp/stamp.jsp?tp=&arnumber=709601}{The random subspace method for constructing decision forests}},
  author={Ho, Tin Kam},
  journal={IEEE transactions on pattern analysis and machine intelligence},
  volume={20},
  number={8},
  pages={832--844},
  year={1998},
  publisher={IEEE}
}


@article{combining2,
  title={\href{http://link.springer.com/article/10.1007/s10462-010-9192-8}{Combining bagging, boosting, rotation forest and random subspace methods}},
  author={Kotsiantis, Sotiris},
  journal={Artificial Intelligence Review},
  volume={35},
  number={3},
  pages={223--240},
  year={2011},
  publisher={Springer}
}


@inproceedings{melis,
  title={Dissecting the winning solution of the higgsml challenge},
  author={Melis, G{\'a}bor},
  booktitle={Cowan et al., editor, JMLR: Workshop and Conference Proceedings},
  number={42},
  pages={57--67},
  year={2015}
}

@article{bagging,
  title={\href{http://link.springer.com/article/10.1007/BF00058655}{Bagging predictors}},
  author={Breiman, Leo},
  journal={Machine learning},
  volume={24},
  number={2},
  pages={123--140},
  year={1996},
  publisher={Springer}
}

@inproceedings{quinlan,
  title={\href{http://www.cs.ecu.edu/~dingq/CSCI6905/readings/BaggingBoosting.pdf}{Bagging, boosting, and C4. 5}},
  author={Quinlan, J Ross},
  booktitle={AAAI/IAAI, Vol. 1},
  pages={725--730},
  year={1996}
}

@inproceedings{EDT,
  title={Evaluating probability estimates from decision trees},
  author={Chawla, Nitesh V and Cieslak, David A},
  booktitle={American Association for Artificial Intelligence},
  year={2006}
}
 
@Article{SHARK,
author = {Christian Igel and Verena Heidrich-Meisner and Tobias Glasmachers},
title={\href{http://image.diku.dk/shark/sphinx_pages/build/html/index.html}{Shark}},
journal = {Journal of Machine Learning Research},
year = {2008},
volume = {9},
pages = {993--996}
}

@Article{MLPACK,
  title     = {{MLPACK}: A Scalable {C++} Machine Learning Library},
  author    = {Curtin, Ryan R. and Cline, James R. and Slagle, Neil P. and
               March, William B. and Ram, P. and Mehta, Nishant A. and Gray,
               Alexander G.},
  journal   = {Journal of Machine Learning Research},
  volume    = {14},
  pages     = {801--805},
  year      = {2013}
}

@article{SKLEARN,
 title={Scikit-learn: Machine Learning in {P}ython},
 author={Pedregosa, F. and Varoquaux, G. and Gramfort, A. and Michel, V.
         and Thirion, B. and Grisel, O. and Blondel, M. and Prettenhofer, P.
         and Weiss, R. and Dubourg, V. and Vanderplas, J. and Passos, A. and
         Cournapeau, D. and Brucher, M. and Perrot, M. and Duchesnay, E.},
 journal={Journal of Machine Learning Research},
 volume={12},
 pages={2825--2830},
 year={2011}
}

@Misc{MDT,
title = {Decision Trees},
howpublished = {Python Technical Documentation \url{http://scikit-learn.org/stable/modules/tree.html}}
}

