@Report{Vid,
author = {Vidhi Lalchand},
title = {Analyzing the Higgs Boson using Support Vector machines},
school = {University of Cambridge},
year = {2016}
}
