@InProceedings{rm,
title={The Higgs Boson Machine learning challenge},
author={Adam-Bourdarios, Claire and Cowan, Glen and Germain, C{\'e}cile and Guyon, Isabelle and K{\'e}gl, Bal{\'a}zs and Rousseau, David},
booktitle={JMLR : Journal of Machine Learning Research},
volume={42},
pages={19-55},
year={2015}
}
