@InProceedings{RM,
title={\href{http://jmlr.org/proceedings/papers/v42/cowa14.pdf}{The Higgs Boson Machine learning challenge}},
author={Adam-Bourdarios, Claire and Cowan, Glen and Germain, C{\'e}cile and Guyon, Isabelle and K{\'e}gl, Bal{\'a}zs and Rousseau, David},
booktitle={JMLR : Journal of Machine Learning Research},
volume={42},
pages={19-55},
year={2015}
}

@Unpublished{Gabor,
author = {Gabor Melis},
title={\href{http://indico.cern.ch/event/382895/contribution/2/attachments/763484/1047455/slides_gabor.pdf}{HEP HEP Hooray}},
note = {Higgs Machine Learning Challenge, hosted by the ATLAS Experiment, CERN},
OPTkey = {•},
OPTyear = {2014},
OPTannote = {•}
}

@Unpublished{Tim,
author = {Tim Salimans},
title={\href{https://github.com/TimSalimans/HiggsML/blob/master/slides_Cambridge_Nov_14.pdf}{HEP data: Finding structure in the noise}},
note = {Higgs Machine Learning Challenge, hosted by the ATLAS Experiment, CERN},
OPTkey = {•},
OPTyear = {2014},
OPTannote = {•}
}

@Article{RGF,
  title={Learning nonlinear functions using regularized greedy forest},
  author={Johnson, Rie and Zhang, Tong},
  journal={Pattern Analysis and Machine Intelligence, IEEE Transactions on},
  volume={36},
  number={5},
  pages={942--954},
  year={2014},
  publisher={IEEE}
}


@Article{IND,
  title={Top-down induction of first-order logical decision trees},
  author={Blockeel, Hendrik and De Raedt, Luc},
  journal={Artificial intelligence},
  volume={101},
  number={1},
  pages={285--297},
  year={1998},
  publisher={Elsevier}
}

@Article{PD,
  title={Well-trained PETs: Improving probability estimation trees},
  author={Provost, Foster and Domingos, Pedro},
  year={2000},
  publisher={Citeseer}
}

@inproceedings{CAL,
  title={Obtaining calibrated probability estimates from decision trees and naive Bayesian classifiers},
  author={Zadrozny, Bianca and Elkan, Charles},
  booktitle={ICML},
  volume={1},
  pages={609--616},
  year={2001},
  organization={Citeseer}
}


@Article{CMS:1,
author = {},
title={ \href{http://science.sciencemag.org/content/338/6114/1569.full-text.pdf+html}{A New Boson with a Mass of 125 GeV Observed with the CMS Experiment at the Large Hadron Collider}},
journal = {Science},
year = {2012},
volume = {338},
number = {Issue 6114},
pages = {1569-1575},
month = {Dec},
note = {DOI: 10.1126/science.1230816, The CMS Collaboration, CERN}
}

@Article{CMS:2,
author = {},
title = {\href{http://science.sciencemag.org/content/338/6114/1558}{The Higgs Boson}},
journal = {Science},
year = {2012},
volume = {338},
number = {Issue 6114},
pages = {1558-1559},
month = {Dec},
note = {DOI: 10.1126/science.338.6114.1558, The CMS Collaboration, CERN}
}

@Article{ATLAS:1,
author = {},
title = {\href{http://science.sciencemag.org/content/338/6114/1576}{A Particle Consistent with the Higgs Boson Observed with the ATLAS Detector at the Large Hadron Collider}},
journal = {Science},
year = {2012},
volume = {338},
number = {Issue 6114},
pages = {1576-1582},
month = {Dec},
note = {DOI: 10.1126/science.1232005, The ATLAS Collaboration, CERN}
}

@Unpublished{KGL,
author = {},
title = {\href{https://www.kaggle.com/c/higgs-boson}{Higgs Boson Machine Learning Challenge (Kaggle)}},
note = {Hosted by ATLAS Experiment, CERN, Geneva, Switzerland}
}

@Article{LC,
  title={Learning classification trees},
  author={Buntine, Wray},
  journal={Statistics and computing},
  volume={2},
  number={2},
  pages={63--73},
  year={1992},
  publisher={Springer}
}
@Unpublished{GINI,
title = {\url{http://www.academia.edu/7032069/An_example_of_calculating_gini_gain_in_CART}},
}

@inproceedings{EDT,
  title={Evaluating probability estimates from decision trees},
  author={Chawla, Nitesh V and Cieslak, David A},
  booktitle={American Association for Artificial Intelligence},
  year={2006}
}

@Book{CART,
  title={Classification and regression trees},
  author={Breiman, Leo and Friedman, Jerome and Stone, Charles J and Olshen, Richard A},
  year={1984},
  publisher={CRC press}
}
 
@Article{SHARK,
author = {Christian Igel and Verena Heidrich-Meisner and Tobias Glasmachers},
title={\href{http://image.diku.dk/shark/sphinx_pages/build/html/index.html}{Shark}},
journal = {Journal of Machine Learning Research},
year = {2008},
volume = {9},
pages = {993--996}
}

@Article{MLPACK,
  title     = {{MLPACK}: A Scalable {C++} Machine Learning Library},
  author    = {Curtin, Ryan R. and Cline, James R. and Slagle, Neil P. and
               March, William B. and Ram, P. and Mehta, Nishant A. and Gray,
               Alexander G.},
  journal   = {Journal of Machine Learning Research},
  volume    = {14},
  pages     = {801--805},
  year      = {2013}
}

@article{SKLEARN,
 title={Scikit-learn: Machine Learning in {P}ython},
 author={Pedregosa, F. and Varoquaux, G. and Gramfort, A. and Michel, V.
         and Thirion, B. and Grisel, O. and Blondel, M. and Prettenhofer, P.
         and Weiss, R. and Dubourg, V. and Vanderplas, J. and Passos, A. and
         Cournapeau, D. and Brucher, M. and Perrot, M. and Duchesnay, E.},
 journal={Journal of Machine Learning Research},
 volume={12},
 pages={2825--2830},
 year={2011}
}

@Misc{ENT,
title={Entropy, \url{https://en.wikipedia.org/wiki/Entropy_%28information_theory%29#Entropy_as_information_content}},
howpublished = {Wikipedia}
}

@Misc{MDT,
title = {Decision Trees},
howpublished = {Python Technical Documentation \url{http://scikit-learn.org/stable/modules/tree.html}}
}











