
@InProceedings{RM,
title={\href{http://jmlr.org/proceedings/papers/v42/cowa14.pdf}{The Higgs Boson Machine learning challenge}},
author={Adam-Bourdarios, Claire and Cowan, Glen and Germain, C{\'e}cile and Guyon, Isabelle and K{\'e}gl, Bal{\'a}zs and Rousseau, David},
booktitle={JMLR : Journal of Machine Learning Research},
volume={42},
pages={19-55},
year={2015}
}

@Article{SMO,
  title={Sequential minimal optimization: A fast algorithm for training support vector machines},
  author={Platt, John and others},
  year={1998},
  publisher={technical report msr-tr-98-14, Microsoft Research}
}

@Unpublished{Gabor,
author = {Gabor Melis},
title={\href{http://indico.cern.ch/event/382895/contribution/2/attachments/763484/1047455/slides_gabor.pdf}{HEP HEP Hooray}},
note = {Higgs Machine Learning Challenge, hosted by the ATLAS Experiment, CERN},
OPTkey = {•},
OPTyear = {2014},
OPTannote = {•}
}

@Unpublished{Tim,
author = {Tim Salimans},
title={\href{https://github.com/TimSalimans/HiggsML/blob/master/slides_Cambridge_Nov_14.pdf}{HEP data: Finding structure in the noise}},
note = {Higgs Machine Learning Challenge, hosted by the ATLAS Experiment, CERN},
OPTkey = {•},
OPTyear = {2014},
OPTannote = {•}
}

@Article{PO-SVM,
author = {Sahin, Mehmet {\"O}zg{\"u}r and Kr{\"u}cker, Dirk and others},
title = {\href{http://arxiv.org/pdf/1601.02809v2.pdf} {Performance and Optimization of support vector machines in high energy physics classification problems}},
journal = {arXiv preprint arXiv:1601.02809},
year = {2016},
eprint={1601.02809}
}

@Article{F-SVM,
title={\href{http://citeseerx.ist.psu.edu/viewdoc/download?doi=10.1.1.98.782&rep=rep1&type=pdf}{Reducing the number of training samples for fast support vector machine classification}},
author={Koggalage, Ravindra and Halgamuge, Saman},
journal={Neural Information Processing-Letters and Reviews},
volume={2},
number={3},
pages={57--65},
year={2004},
publisher={Citeseer}
}

@Article{SVM-HEP,
title={\href{http://arxiv.org/pdf/0803.2345.pdf}{Support Vector Machines in High Energy Physics}},
author={Anselm, Vossen},
journal={Proceedings, inverted CERN School of Computing, ICSC2005 and ICSC2006, Geneva, Switzerland, February 23-25, 2005, and March 6-8, 2006},
pages={23-33},
year={2005}
}

@Article{SVM-Q,
title={\href{http://ac.els-cdn.com/S0168900203004790/1-s2.0-S0168900203004790-main.pdf?_tid=2e1a7c6c-dca1-11e5-bbbb-00000aab0f02&acdnat=1456502232_8950aba4d6bc9982ff3432766a1bb6e5}{Support vector machines in analysis of top quark production}},
author={Vaiciulis, Anthony},
journal={Nuclear Instruments and Methods in Physics Research Section A: Accelerators, Spectrometers, Detectors and Associated Equipment},
volume={502},
number={2},
pages={492--494},
year={2003},
publisher={Elsevier},
note={DOI: 10.1016/S0168-9002(03)00479-0}
}

@Article{CMS:1,
author = {},
title={ \href{http://science.sciencemag.org/content/338/6114/1569.full-text.pdf+html}{A New Boson with a Mass of 125 GeV Observed with the CMS Experiment at the Large Hadron Collider}},
journal = {Science},
year = {2012},
volume = {338},
number = {Issue 6114},
pages = {1569-1575},
month = {Dec},
note = {DOI: 10.1126/science.1230816, The CMS Collaboration, CERN}
}

@Article{CMS:2,
author = {},
title = {\href{http://science.sciencemag.org/content/338/6114/1558}{The Higgs Boson}},
journal = {Science},
year = {2012},
volume = {338},
number = {Issue 6114},
pages = {1558-1559},
month = {Dec},
note = {DOI: 10.1126/science.338.6114.1558, The CMS Collaboration, CERN}
}

@Article{ATLAS:1,
author = {},
title = {\href{http://science.sciencemag.org/content/338/6114/1576}{A Particle Consistent with the Higgs Boson Observed with the ATLAS Detector at the Large Hadron Collider}},
journal = {Science},
year = {2012},
volume = {338},
number = {Issue 6114},
pages = {1576-1582},
month = {Dec},
note = {DOI: 10.1126/science.1232005, The ATLAS Collaboration, CERN}
}

@Article{SVMKernels,
  title={Support Vector Machines—Kernels and the Kernel Trick},
  author={Hofmann, Martin},
  journal={Hauptseminar report},
  volume={32},
  year={2006}
}

@Unpublished{KGL,
author = {},
title = {\href{https://www.kaggle.com/c/higgs-boson}{Higgs Boson Machine Learning Challenge (Kaggle)}},
note = {Hosted by ATLAS Experiment, CERN, Geneva, Switzerland}
}


@Article{SHARK,
author = {Christian Igel and Verena Heidrich-Meisner and Tobias Glasmachers},
title={\href{http://image.diku.dk/shark/sphinx_pages/build/html/index.html}{Shark}},
journal = {Journal of Machine Learning Research},
year = {2008},
volume = {9},
pages = {993--996}
}

@Article{CPP-SVM,
title={\href{https://www.cs.sfu.ca/people/Faculty/teaching/726/spring11/svmguide.pdf}{A practical guide to support vector classification}},
author={Hsu, Chih-Wei and Chang, Chih-Chung and Lin, Chih-Jen and others},
year={2003}
}
@Misc{Cover,
author = {Wikipedia},
title = {\href{https://en.wikipedia.org/wiki/Cover's_theorem}{Cover's theorem}}
}


@Misc{RBF,
author = {Mikhail V.Konnik},
title = {A short intro to Radial Basis Functions},
howpublished = {\url{http://www.mvkonnik.info/2014/07/a-short-intro-to-radial-basis-functions.html}},
month = {July},
year = {2014}
}

@Misc{RBF2,
author = {Richard G. Brereton and Gavin R. Lloyd},
title = {Support Vector Machines for classification and regression},
howpublished = {\url{http://www.mvkonnik.info/2014/07/a-short-intro-to-radial-basis-functions.html}},
month = {Nov},
year = {2009}
}

@Book{CMB,
author = {Christopher M. Bishop},
title = {Pattern Recognition and Machine learning},
publisher = {Springer},
year = {2006},
edition = {Springer International Edition}
}


@Misc{PyRBF,
title = {Scikit learn documentation, Python Guide},
howpublished = {\url{http://scikit-learn.org/stable/auto_examples/svm/plot_rbf_parameters.html}},
}








